[gd_scene load_steps=21 format=2]

[ext_resource path="res://Player/Player.tscn" type="PackedScene" id=1]
[ext_resource path="res://Lights/PlayerSpotLight.tscn" type="PackedScene" id=2]
[ext_resource path="res://Assets/IronBeam/IronBeamWithGuirlandes.tscn" type="PackedScene" id=3]
[ext_resource path="res://Assets/Ring/Ring.tscn" type="PackedScene" id=4]
[ext_resource path="res://Lights/SpotGreen.tscn" type="PackedScene" id=5]
[ext_resource path="res://Assets/ground_mat.material" type="Material" id=6]
[ext_resource path="res://Assets/Crate/Crate1.tscn" type="PackedScene" id=7]
[ext_resource path="res://Assets/Crate/Crate2.tscn" type="PackedScene" id=8]
[ext_resource path="res://Assets/Podium/Podium1.tscn" type="PackedScene" id=9]
[ext_resource path="res://Lights/SpotPurple.tscn" type="PackedScene" id=10]
[ext_resource path="res://Lights/SpotWhiteFiller.tscn" type="PackedScene" id=11]
[ext_resource path="res://Assets/Fence/FencePole.tscn" type="PackedScene" id=12]
[ext_resource path="res://Assets/Fence/Fence.tscn" type="PackedScene" id=13]
[ext_resource path="res://Assets/HotDogStand/HotDogStand.tscn" type="PackedScene" id=16]
[ext_resource path="res://Assets/Balloons/balloons.tscn" type="PackedScene" id=17]
[ext_resource path="res://Audience/Audience.tscn" type="PackedScene" id=18]
[ext_resource path="res://EndLevel/EndLevel.tscn" type="PackedScene" id=19]
[ext_resource path="res://Assets/Curtains/CircusTent.tscn" type="PackedScene" id=20]

[sub_resource type="PlaneMesh" id=1]

[sub_resource type="BoxShape" id=2]
extents = Vector3( 1, 0, 1 )

[node name="Spatial" type="Spatial"]

[node name="Ground" type="MeshInstance" parent="."]
transform = Transform( -63.6412, 0, 0, 0, 41.9567, 0, 0, 0, 65.6533, 0, 0, 0 )
material_override = ExtResource( 6 )
mesh = SubResource( 1 )
material/0 = ExtResource( 6 )

[node name="StaticBody" type="StaticBody" parent="Ground"]

[node name="CollisionShape" type="CollisionShape" parent="Ground/StaticBody"]
shape = SubResource( 2 )

[node name="Player" parent="." instance=ExtResource( 1 )]
transform = Transform( 1, 0, 0, 0, 1, 0, 0, 0, 1, 0, 5.83955, 27.8083 )

[node name="EndLevel" parent="." instance=ExtResource( 19 )]
transform = Transform( 3.38717, 0, 0, 0, 0.390945, 0, 0, 0, 3.38717, -6.53959, 6.25944, -21.0462 )

[node name="Fences" type="Spatial" parent="."]

[node name="FencePole" parent="Fences" instance=ExtResource( 12 )]
transform = Transform( -2.39214, 0, -2.09128e-07, 0, 2.39214, 0, 2.09128e-07, 0, -2.39214, 16.7054, 0.189547, 16.7408 )

[node name="FencePole3" parent="Fences" instance=ExtResource( 12 )]
transform = Transform( -2.39214, 0, -2.09128e-07, 0, 2.39214, 0, 2.09128e-07, 0, -2.39214, 16.7054, 0.189547, -6.75508 )

[node name="FencePole5" parent="Fences" instance=ExtResource( 12 )]
transform = Transform( 3.13692e-07, 0, -2.39214, 0, 2.39214, 0, 2.39214, 0, 3.13692e-07, 16.3903, 0.189547, -30.1491 )

[node name="FencePole6" parent="Fences" instance=ExtResource( 12 )]
transform = Transform( 3.13692e-07, 0, -2.39214, 0, 2.39214, 0, 2.39214, 0, 3.13692e-07, -6.6794, 0.189547, -30.1491 )

[node name="FencePole7" parent="Fences" instance=ExtResource( 12 )]
transform = Transform( 3.13692e-07, 0, -2.39214, 0, 2.39214, 0, 2.39214, 0, 3.13692e-07, -30.3296, 0.189547, -30.1491 )

[node name="FencePole8" parent="Fences" instance=ExtResource( 12 )]
transform = Transform( 2.39214, 0, 4.18256e-07, 0, 2.39214, 0, -4.18256e-07, 0, 2.39214, -29.5068, 0.189547, -6.81852 )

[node name="FencePole9" parent="Fences" instance=ExtResource( 12 )]
transform = Transform( 2.39214, 0, 4.18256e-07, 0, 2.39214, 0, -4.18256e-07, 0, 2.39214, -29.5068, 0.189547, 16.7134 )

[node name="FencePole10" parent="Fences" instance=ExtResource( 12 )]
transform = Transform( 2.39214, 0, 4.18256e-07, 0, 2.39214, 0, -4.18256e-07, 0, 2.39214, -29.5068, 0.189547, 40.4225 )

[node name="FencePole11" parent="Fences" instance=ExtResource( 12 )]
transform = Transform( -5.2282e-07, 0, 2.39214, 0, 2.39214, 0, -2.39214, 0, -5.2282e-07, -6.45584, 0.189547, 39.7944 )

[node name="FencePole2" parent="Fences" instance=ExtResource( 12 )]
transform = Transform( -2.39214, 0, -2.09128e-07, 0, 2.39214, 0, 2.09128e-07, 0, -2.39214, 16.7054, 0.189547, 40.1692 )

[node name="Fence" parent="Fences" instance=ExtResource( 13 )]
transform = Transform( -2.39214, 0, -2.09128e-07, 0, 2.39214, 0, 2.09128e-07, 0, -2.39214, 17.4484, -0.00250006, 17.2541 )

[node name="Fence3" parent="Fences" instance=ExtResource( 13 )]
transform = Transform( -2.39214, 0, -2.09128e-07, 0, 2.39214, 0, 2.09128e-07, 0, -2.39214, 17.6211, -0.201898, -6.41513 )

[node name="Fence4" parent="Fences" instance=ExtResource( 13 )]
transform = Transform( -2.39214, 0, -2.09128e-07, 0, 2.39214, 0, 2.09128e-07, 0, -2.39214, 17.4484, -0.00250006, -29.9156 )

[node name="Fence6" parent="Fences" instance=ExtResource( 13 )]
transform = Transform( 3.13692e-07, 0, -2.39214, 0, 2.39214, 0, 2.39214, 0, 3.13692e-07, -6.16612, -0.00250006, -30.8921 )

[node name="Fence7" parent="Fences" instance=ExtResource( 13 )]
transform = Transform( 3.13692e-07, 0, -2.39214, 0, 2.39214, 0, 2.39214, 0, 3.13692e-07, -29.8163, -0.00250006, -30.8921 )

[node name="Fence8" parent="Fences" instance=ExtResource( 13 )]
transform = Transform( 2.39214, 0, 4.18256e-07, 0, 2.39214, 0, -4.18256e-07, 0, 2.39214, -30.2499, -0.00250006, -7.33181 )

[node name="Fence9" parent="Fences" instance=ExtResource( 13 )]
transform = Transform( 2.39214, 0, 4.18256e-07, 0, 2.39214, 0, -4.18256e-07, 0, 2.39214, -30.2499, -0.00250006, 16.2001 )

[node name="Fence10" parent="Fences" instance=ExtResource( 13 )]
transform = Transform( 2.39214, 0, 4.18256e-07, 0, 2.39214, 0, -4.18256e-07, 0, 2.39214, -30.2499, -0.00250006, 39.9093 )

[node name="Fence11" parent="Fences" instance=ExtResource( 13 )]
transform = Transform( -5.2282e-07, 0, 2.39214, 0, 2.39214, 0, -2.39214, 0, -5.2282e-07, -6.96913, -0.00250006, 40.5374 )

[node name="Fence12" parent="Fences" instance=ExtResource( 13 )]
transform = Transform( -5.2282e-07, 0, 2.39214, 0, 2.39214, 0, -2.39214, 0, -5.2282e-07, 16.3491, -0.00250006, 40.5374 )

[node name="Audience" parent="." instance=ExtResource( 18 )]
transform = Transform( -1.70935e-06, 0, 10.4919, 0, 10.4919, 0, -10.4919, 0, -1.70935e-06, -42.9435, 0, 3.4468 )

[node name="PlayerSpotLight" parent="." instance=ExtResource( 2 )]
transform = Transform( 0.997533, -0.0319559, -0.0625068, 0.0197807, -0.726367, 0.687023, -0.0673573, -0.686564, -0.723943, 0, 61.689, -36.8722 )
shadow_bias = 1.5

[node name="CircusTent" parent="." instance=ExtResource( 20 )]
transform = Transform( 1, 0, 0, 0, 1, 0, 0, 0, 1, -59.6111, 0, 8.77605 )

[node name="Obstacles" type="Spatial" parent="."]

[node name="Crate4" parent="Obstacles" instance=ExtResource( 7 )]
transform = Transform( 1, 0, 0, 0, 1, 0, 0, 0, 1, -15.9962, 0, 13.2431 )

[node name="Crate5" parent="Obstacles" instance=ExtResource( 7 )]
transform = Transform( 1, 0, 0, 0, 1, 0, 0, 0, 1, -15.7271, 0, 0.53 )

[node name="Crate6" parent="Obstacles" instance=ExtResource( 7 )]
transform = Transform( -4.37114e-08, 0, 1, 0, 1, 0, -1, 0, -4.37114e-08, -8.19714, -0.00443411, -14.8125 )

[node name="Crate7" parent="Obstacles" instance=ExtResource( 7 )]
transform = Transform( -1, 0, -8.74228e-08, 0, 1, 0, 8.74228e-08, 0, -1, -15.6914, -0.00443411, -13.327 )

[node name="Crate2" parent="Obstacles" instance=ExtResource( 8 )]
transform = Transform( 1, 0, 0, 0, 1, 0, 0, 0, 1, -6.66815, 0, -22.3238 )

[node name="Podium1" parent="Obstacles" instance=ExtResource( 9 )]
transform = Transform( 1, 0, 0, 0, 1, 0, 0, 0, 1, -4.38002, 0, 13.6258 )

[node name="Ring2" parent="Obstacles" instance=ExtResource( 4 )]
transform = Transform( -1.29851e-07, 0, -2.97065, 0, 2.97065, 0, 2.97065, 0, -1.29851e-07, -14.9835, 0, -6.31202 )

[node name="Deco" type="Spatial" parent="."]

[node name="HotDogStand" parent="Deco" instance=ExtResource( 16 )]
transform = Transform( -1.27838, 0, 2.71399, 0, 3, 0, -2.71399, 0, -1.27838, -21.4561, 0, 29.8871 )

[node name="Balloons2" parent="Deco" instance=ExtResource( 17 )]
transform = Transform( 1, 0, 0, 0, 1, 0, 0, 0, 1, -7.11785, 5.72592, -25.2691 )

[node name="IronBeamWithGuirlandes" parent="Deco" instance=ExtResource( 3 )]
transform = Transform( 1, 0, 0, 0, 1, 0, 0, 0, 1, -38.5819, 0, 4.13718 )

[node name="IronBeamWithGuirlandes2" parent="Deco" instance=ExtResource( 3 )]
transform = Transform( 1, 0, 0, 0, 1, 0, 0, 0, 1, 25.7144, 0, 4.13718 )

[node name="SpotGreen" parent="." instance=ExtResource( 5 )]
transform = Transform( 0.260876, 0.73739, -0.623056, 0.281773, 0.559139, 0.779723, 0.923335, -0.378972, -0.0619112, -34.7761, 36.8915, 5.28443 )
light_energy = 0.8

[node name="SpotPurple" parent="." instance=ExtResource( 10 )]
transform = Transform( -0.733192, -0.368033, 0.571822, 0.438738, 0.386448, 0.811275, -0.519556, 0.8457, -0.12187, 18.3026, 36.0578, 3.33312 )
light_energy = 0.8

[node name="SpotWhiteFiller3" parent="." instance=ExtResource( 11 )]
transform = Transform( 0.321543, 0.943587, 0.0790832, -0.156735, -0.0293288, 0.987205, 0.933833, -0.329824, 0.138463, -5.26216, 43.082, 7.71439 )
light_energy = 0.3
