[gd_scene load_steps=27 format=2]

[ext_resource path="res://Player/Player.tscn" type="PackedScene" id=1]
[ext_resource path="res://Lights/PlayerSpotLight.tscn" type="PackedScene" id=2]
[ext_resource path="res://Assets/IronBeam/IronBeamWithGuirlandes.tscn" type="PackedScene" id=3]
[ext_resource path="res://Lights/SpotGreen.tscn" type="PackedScene" id=5]
[ext_resource path="res://Assets/ground_mat.material" type="Material" id=6]
[ext_resource path="res://Assets/Crate/Crate1.tscn" type="PackedScene" id=7]
[ext_resource path="res://Assets/Crate/Crate2.tscn" type="PackedScene" id=8]
[ext_resource path="res://Assets/Podium/Podium1.tscn" type="PackedScene" id=9]
[ext_resource path="res://Lights/SpotPurple.tscn" type="PackedScene" id=10]
[ext_resource path="res://Lights/SpotWhiteFiller.tscn" type="PackedScene" id=11]
[ext_resource path="res://Assets/Fence/FencePole.tscn" type="PackedScene" id=12]
[ext_resource path="res://Assets/Fence/Fence.tscn" type="PackedScene" id=13]
[ext_resource path="res://Assets/SpinPlatform/SpinPlatform.tscn" type="PackedScene" id=14]
[ext_resource path="res://Bascule/Bascule.tscn" type="PackedScene" id=15]
[ext_resource path="res://Scenes_finales/Levels/ResetZone.gd" type="Script" id=16]
[ext_resource path="res://Assets/Balloons/balloons.tscn" type="PackedScene" id=17]
[ext_resource path="res://Audience/Audience.tscn" type="PackedScene" id=18]
[ext_resource path="res://EndLevel/EndLevel.tscn" type="PackedScene" id=19]
[ext_resource path="res://checkpoint/Checkpoint.tscn" type="PackedScene" id=20]
[ext_resource path="res://Assets/Curtains/CircusWall.tscn" type="PackedScene" id=21]

[sub_resource type="PlaneMesh" id=1]

[sub_resource type="BoxShape" id=2]
extents = Vector3( 1, 0, 1 )

[sub_resource type="Shader" id=3]
code = "shader_type spatial;
render_mode unshaded;

uniform vec4 _Color : hint_color;
uniform vec4 _Color2 : hint_color;
uniform float near = 0.15;
uniform float far = 300.0;

float linearize(float c_depth) {
    c_depth = 2.0 * c_depth - 1.0;
    return near * far / (far + c_depth * (near - far));
}

vec4 invLerp(vec4 from, vec4 to, vec4 v) { 
	return (v-from) / (to-from); 
}

vec4 lerp(vec4 from, vec4 to, vec4 v) { 
	return (v-from) / (to-from); 
}

void fragment() {
	//foam
	float zdepth = linearize(texture(DEPTH_TEXTURE, SCREEN_UV).x);
	float zpos = linearize(FRAGCOORD.z);
	float diff = zdepth - zpos;
	
	float d = clamp(diff*10.0,0,1);
	d = clamp(d,0,1);
	vec3 c = _Color.rgb+((1.0-d*1.0))*_Color2.rgb*2.0;
	ALBEDO = clamp(c,vec3(0),vec3(1));
	//ALPHA = d;
}"

[sub_resource type="ShaderMaterial" id=4]
shader = SubResource( 3 )
shader_param/_Color = Color( 0.0196078, 0.0392157, 0.109804, 1 )
shader_param/_Color2 = Color( 0.0235294, 0.133333, 0.223529, 1 )
shader_param/near = 0.15
shader_param/far = 10.0

[sub_resource type="PlaneMesh" id=5]

[sub_resource type="BoxShape" id=6]
extents = Vector3( 48.7138, 13.1059, 93.3374 )

[node name="Spatial" type="Spatial"]

[node name="Ground" type="MeshInstance" parent="."]
transform = Transform( -60, 0, 0, 0, 40, -5.24537e-06, 0, 3.49691e-06, 60, -17.643, 0, 12.9916 )
material_override = ExtResource( 6 )
mesh = SubResource( 1 )
material/0 = ExtResource( 6 )

[node name="StaticBody" type="StaticBody" parent="Ground"]

[node name="CollisionShape" type="CollisionShape" parent="Ground/StaticBody"]
shape = SubResource( 2 )

[node name="Ground2" type="MeshInstance" parent="."]
transform = Transform( -138, -6.81702e-12, -8.74228e-06, 0, 40, -0.000194944, 3.02181e-05, -0.000195314, -250.475, -3.02652, -53.347, -188.308 )
material_override = ExtResource( 6 )
mesh = SubResource( 1 )
material/0 = ExtResource( 6 )

[node name="StaticBody" type="StaticBody" parent="Ground2"]

[node name="CollisionShape" type="CollisionShape" parent="Ground2/StaticBody"]
shape = SubResource( 2 )

[node name="Player" parent="." instance=ExtResource( 1 )]
transform = Transform( 0.999996, 0.000434181, 0.00280397, -0.000427583, 0.999997, -0.00234818, -0.00280498, 0.00234697, 0.999993, -7.07356, 12.6068, 26.347 )

[node name="EndLevel" parent="." instance=ExtResource( 19 )]
transform = Transform( 3.3, 0, 0, 0, 3.3, 0, 0, 0, 3.3, -6.53959, 7.40948, -168.291 )

[node name="Fences" type="Spatial" parent="."]

[node name="FencePole" parent="Fences" instance=ExtResource( 12 )]
transform = Transform( -2.39214, 0, -2.09128e-07, 0, 2.39214, 0, 2.09128e-07, 0, -2.39214, 16.7054, 0.189547, 16.7408 )

[node name="FencePole3" parent="Fences" instance=ExtResource( 12 )]
transform = Transform( -2.39214, 0, -2.09128e-07, 0, 2.39214, 0, 2.09128e-07, 0, -2.39214, 16.7054, 0.627947, -6.75508 )

[node name="FencePole5" parent="Fences" instance=ExtResource( 12 )]
transform = Transform( 3.13692e-07, 0, -2.39214, 0, 2.39214, 0, 2.39214, 0, 3.13692e-07, 16.3903, 0.189547, -30.1491 )

[node name="FencePole7" parent="Fences" instance=ExtResource( 12 )]
transform = Transform( 3.13692e-07, 0, -2.39214, 0, 2.39214, 0, 2.39214, 0, 3.13692e-07, -30.3296, 0.189547, -30.1491 )

[node name="FencePole8" parent="Fences" instance=ExtResource( 12 )]
transform = Transform( 2.39214, 0, 4.18256e-07, 0, 2.39214, 0, -4.18256e-07, 0, 2.39214, -29.5068, 0.189547, -6.81852 )

[node name="FencePole9" parent="Fences" instance=ExtResource( 12 )]
transform = Transform( 2.39214, 0, 4.18256e-07, 0, 2.39214, 0, -4.18256e-07, 0, 2.39214, -29.5068, 0.189547, 16.7134 )

[node name="FencePole10" parent="Fences" instance=ExtResource( 12 )]
transform = Transform( 2.39214, 0, 4.18256e-07, 0, 2.39214, 0, -4.18256e-07, 0, 2.39214, -29.5068, 0.189547, 40.4225 )

[node name="FencePole11" parent="Fences" instance=ExtResource( 12 )]
transform = Transform( -5.2282e-07, 0, 2.39214, 0, 2.39214, 0, -2.39214, 0, -5.2282e-07, -6.45584, 0.189547, 39.7944 )

[node name="FencePole2" parent="Fences" instance=ExtResource( 12 )]
transform = Transform( -2.39214, 0, -2.09128e-07, 0, 2.39214, 0, 2.09128e-07, 0, -2.39214, 16.7054, 0.189547, 40.1692 )

[node name="Fence" parent="Fences" instance=ExtResource( 13 )]
transform = Transform( -2.39214, 0, -2.09128e-07, 0, 2.39214, 0, 2.09128e-07, 0, -2.39214, 17.4484, -0.00250006, 17.2541 )

[node name="Fence3" parent="Fences" instance=ExtResource( 13 )]
transform = Transform( -2.39214, 0, -2.09128e-07, 0, 2.39214, 0, 2.09128e-07, 0, -2.39214, 17.6211, -0.201898, -6.41513 )

[node name="Fence4" parent="Fences" instance=ExtResource( 13 )]
transform = Transform( -2.39214, 0, -2.09128e-07, 0, 2.39214, 0, 2.09128e-07, 0, -2.39214, 17.4484, -0.00250006, -29.9156 )

[node name="Fence5" parent="Fences" instance=ExtResource( 13 )]
transform = Transform( -2.39214, 0, -2.09128e-07, 0, 2.39214, 0, 2.09128e-07, 0, -2.39214, 17.4484, -0.00250006, -50.9156 )

[node name="Fence6" parent="Fences" instance=ExtResource( 13 )]
transform = Transform( -2.39214, 0, -2.09128e-07, 0, 2.39214, 0, 2.09128e-07, 0, -2.39214, -29.5516, -0.00250006, -50.9156 )

[node name="Fence8" parent="Fences" instance=ExtResource( 13 )]
transform = Transform( 2.39214, 0, 4.18256e-07, 0, 2.39214, 0, -4.18256e-07, 0, 2.39214, -30.2499, -0.00250006, -7.33181 )

[node name="Fence9" parent="Fences" instance=ExtResource( 13 )]
transform = Transform( 2.39214, 0, 4.18256e-07, 0, 2.39214, 0, -4.18256e-07, 0, 2.39214, -30.2499, -0.00250006, 16.2001 )

[node name="Fence10" parent="Fences" instance=ExtResource( 13 )]
transform = Transform( 2.39214, 0, 4.18256e-07, 0, 2.39214, 0, -4.18256e-07, 0, 2.39214, -30.2499, -0.00250006, 39.9093 )

[node name="Fence11" parent="Fences" instance=ExtResource( 13 )]
transform = Transform( -5.2282e-07, 0, 2.39214, 0, 2.39214, 0, -2.39214, 0, -5.2282e-07, -6.96913, -0.00250006, 40.5374 )

[node name="Fence12" parent="Fences" instance=ExtResource( 13 )]
transform = Transform( -5.2282e-07, 0, 2.39214, 0, 2.39214, 0, -2.39214, 0, -5.2282e-07, 16.3491, -0.00250006, 40.5374 )

[node name="Fence13" parent="Fences" instance=ExtResource( 13 )]
transform = Transform( -5.2282e-07, 0, 2.39214, 0, 2.39214, 0, -2.39214, 0, -5.2282e-07, 17.9755, -0.00250006, -29.4626 )

[node name="Fence14" parent="Fences" instance=ExtResource( 13 )]
transform = Transform( -5.2282e-07, 0, 2.39214, 0, 2.39214, 0, -2.39214, 0, -5.2282e-07, -9.72305, -0.00250006, -29.4626 )

[node name="Audience" parent="." instance=ExtResource( 18 )]
transform = Transform( -1.70935e-06, 0, 10.4919, 0, 10.4919, 0, -10.4919, 0, -1.70935e-06, -42.9435, 0, 3.4468 )

[node name="PlayerSpotLight" parent="." instance=ExtResource( 2 )]
transform = Transform( 0.997533, -0.0319559, -0.0625068, 0.0197807, -0.726367, 0.687023, -0.0673573, -0.686564, -0.723943, 0, 61.689, -36.8722 )
shadow_bias = 2.0

[node name="Obstacles" type="Spatial" parent="."]

[node name="RotatingPlatform" type="Spatial" parent="Obstacles"]
transform = Transform( 1, 0, 0, 0, 1, 0, 0, 0, 1, -6.39138, 4.50582, -7.40416 )

[node name="SpinPlatform" parent="Obstacles/RotatingPlatform" instance=ExtResource( 14 )]
transform = Transform( -1.17122e-07, 0, -2.67944, 0, 2.67944, 0, 2.67944, 0, -1.17122e-07, 0, -1.45013, 0 )
speed = 0.7

[node name="SpinPlatform2" parent="Obstacles/RotatingPlatform" instance=ExtResource( 14 )]
transform = Transform( -1.17122e-07, 0, -2.67944, 0, 2.67944, 0, 2.67944, 0, -1.17122e-07, 0, 2.30202, -121.31 )
speed = 0.7

[node name="Crate4" parent="Obstacles" instance=ExtResource( 7 )]
transform = Transform( 1, 0, 0, 0, 1, 0, 0, 0, 1, -6.67468, 0, 16.3244 )

[node name="Crate10" parent="Obstacles" instance=ExtResource( 7 )]
transform = Transform( -4.37114e-08, 0, -1, 0, 1, 0, 1, 0, -4.37114e-08, -6.61286, 0, -82.9119 )

[node name="Crate29" parent="Obstacles" instance=ExtResource( 7 )]
transform = Transform( -4.37114e-08, 0, -1, 0, 1, 0, 1, 0, -4.37114e-08, -6.61286, 0.873318, -162.708 )

[node name="Crate31" parent="Obstacles" instance=ExtResource( 7 )]
transform = Transform( -4.37114e-08, 0, -1, 0, 1, 0, 1, 0, -4.37114e-08, -6.61286, 0.873318, -156.708 )

[node name="Crate32" parent="Obstacles" instance=ExtResource( 7 )]
transform = Transform( -4.37114e-08, 0, -1, 0, 1, 0, 1, 0, -4.37114e-08, -6.61286, 0.873318, -151.708 )

[node name="Crate30" parent="Obstacles" instance=ExtResource( 7 )]
transform = Transform( -4.37114e-08, 0, -1, 0, 1, 0, 1, 0, -4.37114e-08, -6.61286, 0.873318, -168.708 )

[node name="Crate6" parent="Obstacles" instance=ExtResource( 7 )]
transform = Transform( -4.37114e-08, 0, -1, 0, 1, 0, 1, 0, -4.37114e-08, -15.6747, 0, -46.3039 )

[node name="Crate11" parent="Obstacles" instance=ExtResource( 7 )]
transform = Transform( -4.37114e-08, 0, -1, 0, 1, 0, 1, 0, -4.37114e-08, -6.67469, 0, -46.3039 )

[node name="Crate9" parent="Obstacles" instance=ExtResource( 7 )]
transform = Transform( -4.37114e-08, 0, -1, 0, 1, 0, 1, 0, -4.37114e-08, -24.6747, 0, -46.3039 )

[node name="Crate7" parent="Obstacles" instance=ExtResource( 7 )]
transform = Transform( -4.37114e-08, 0, -1, 0, 1, 0, 1, 0, -4.37114e-08, 2.32531, 0, -46.3039 )

[node name="Crate8" parent="Obstacles" instance=ExtResource( 7 )]
transform = Transform( -4.37114e-08, 0, -1, 0, 1, 0, 1, 0, -4.37114e-08, 11.3253, 0, -46.3039 )

[node name="Crate16" parent="Obstacles" instance=ExtResource( 7 )]
transform = Transform( -4.37114e-08, 0, -1, 0, 1, 0, 1, 0, -4.37114e-08, 29.3253, 0, -46.3039 )

[node name="Crate15" parent="Obstacles" instance=ExtResource( 7 )]
transform = Transform( -4.37114e-08, 0, -1, 0, 1, 0, 1, 0, -4.37114e-08, 38.3253, 0, -46.3039 )

[node name="Crate14" parent="Obstacles" instance=ExtResource( 7 )]
transform = Transform( -4.37114e-08, 0, -1, 0, 1, 0, 1, 0, -4.37114e-08, 20.3253, 0, -46.3039 )

[node name="Crate19" parent="Obstacles" instance=ExtResource( 7 )]
transform = Transform( -4.37114e-08, 0, -1, 0, 1, 0, 1, 0, -4.37114e-08, -42.6747, 0, -46.3039 )

[node name="Crate18" parent="Obstacles" instance=ExtResource( 7 )]
transform = Transform( -4.37114e-08, 0, -1, 0, 1, 0, 1, 0, -4.37114e-08, -33.6747, 0, -46.3039 )

[node name="Crate17" parent="Obstacles" instance=ExtResource( 7 )]
transform = Transform( -4.37114e-08, 0, -1, 0, 1, 0, 1, 0, -4.37114e-08, -51.6747, 0, -46.3039 )

[node name="Crate28" parent="Obstacles" instance=ExtResource( 7 )]
transform = Transform( -4.37114e-08, 0, -1, 0, 1, 0, 1, 0, -4.37114e-08, -15.6747, -6, -46.3039 )

[node name="Crate27" parent="Obstacles" instance=ExtResource( 7 )]
transform = Transform( -4.37114e-08, 0, -1, 0, 1, 0, 1, 0, -4.37114e-08, -6.67469, -6, -46.3039 )

[node name="Crate26" parent="Obstacles" instance=ExtResource( 7 )]
transform = Transform( -4.37114e-08, 0, -1, 0, 1, 0, 1, 0, -4.37114e-08, -24.6747, -6, -46.3039 )

[node name="Crate13" parent="Obstacles" instance=ExtResource( 7 )]
transform = Transform( -4.37114e-08, 0, -1, 0, 1, 0, 1, 0, -4.37114e-08, 2.32531, -6, -46.3039 )

[node name="Crate12" parent="Obstacles" instance=ExtResource( 7 )]
transform = Transform( -4.37114e-08, 0, -1, 0, 1, 0, 1, 0, -4.37114e-08, 11.3253, -6, -46.3039 )

[node name="Crate25" parent="Obstacles" instance=ExtResource( 7 )]
transform = Transform( -4.37114e-08, 0, -1, 0, 1, 0, 1, 0, -4.37114e-08, 29.3253, -6, -46.3039 )

[node name="Crate24" parent="Obstacles" instance=ExtResource( 7 )]
transform = Transform( -4.37114e-08, 0, -1, 0, 1, 0, 1, 0, -4.37114e-08, 38.3253, -6, -46.3039 )

[node name="Crate23" parent="Obstacles" instance=ExtResource( 7 )]
transform = Transform( -4.37114e-08, 0, -1, 0, 1, 0, 1, 0, -4.37114e-08, 20.3253, -6, -46.3039 )

[node name="Crate22" parent="Obstacles" instance=ExtResource( 7 )]
transform = Transform( -4.37114e-08, 0, -1, 0, 1, 0, 1, 0, -4.37114e-08, -42.6747, -6, -46.3039 )

[node name="Crate21" parent="Obstacles" instance=ExtResource( 7 )]
transform = Transform( -4.37114e-08, 0, -1, 0, 1, 0, 1, 0, -4.37114e-08, -33.6747, -6, -46.3039 )

[node name="Crate20" parent="Obstacles" instance=ExtResource( 7 )]
transform = Transform( -4.37114e-08, 0, -1, 0, 1, 0, 1, 0, -4.37114e-08, -51.6747, -6, -46.3039 )

[node name="Crate2" parent="Obstacles" instance=ExtResource( 8 )]
transform = Transform( 1, 0, 0, 0, 1, 0, 0, 0, 1, -6.66815, 0, -29.8087 )

[node name="Crate3" parent="Obstacles" instance=ExtResource( 8 )]
transform = Transform( 1, 0, 0, 0, 1, 0, 0, 0, 1, -6.66815, 0, -38.8087 )

[node name="Podium1" parent="Obstacles" instance=ExtResource( 9 )]
transform = Transform( 1, 0, 0, 0, 1, 0, 0, 0, 1, -6.94344, 0, 26.5856 )

[node name="Podium2" parent="Obstacles" instance=ExtResource( 9 )]
transform = Transform( 1, 0, 0, 0, 1, 0, 0, 0, 1, 2.60189, 0, -36.6532 )

[node name="Podium3" parent="Obstacles" instance=ExtResource( 9 )]
transform = Transform( 1, 0, 0, 0, 1, 0, 0, 0, 1, 2.60189, 0, -36.6532 )

[node name="Podium5" parent="Obstacles" instance=ExtResource( 9 )]
transform = Transform( 1, 0, 0, 0, 1, 0, 0, 0, 1, -6.39811, 5, -93.6532 )

[node name="Podium6" parent="Obstacles" instance=ExtResource( 9 )]
transform = Transform( 1, 0, 0, 0, 1, 0, 0, 0, 1, -6.39811, 8, -105.653 )

[node name="Podium4" parent="Obstacles" instance=ExtResource( 9 )]
transform = Transform( 1, 0, 0, 0, 1, 0, 0, 0, 1, -23.3981, 0, -36.6532 )

[node name="Bascule" parent="Obstacles" instance=ExtResource( 15 )]
transform = Transform( 1.58819, 0, 0, 0, 1, 0, 0, 0, 1.46704, -6.72568, 6.83846, -55.0347 )

[node name="Deco" type="Spatial" parent="."]

[node name="Balloons2" parent="Deco" instance=ExtResource( 17 )]
transform = Transform( 1, 0, 0, 0, 1, 0, 0, 0, 1, -23.8416, -0.412478, -22.6924 )

[node name="Balloons3" parent="Deco" instance=ExtResource( 17 )]
transform = Transform( 1, 0, 0, 0, 1, 0, 0, 0, 1, -43.5623, -0.412478, -34.6932 )

[node name="Balloons4" parent="Deco" instance=ExtResource( 17 )]
transform = Transform( 1, 0, 0, 0, 1, 0, 0, 0, 1, -37.1644, -0.412478, 31.1025 )

[node name="Balloons5" parent="Deco" instance=ExtResource( 17 )]
transform = Transform( 1, 0, 0, 0, 1, 0, 0, 0, 1, 11.5591, -0.412478, 33.981 )

[node name="IronBeamWithGuirlandes" parent="Deco" instance=ExtResource( 3 )]
transform = Transform( 1, 0, 0, 0, 1, 0, 0, 0, 1, -38.576, -0.0792999, 4.01614 )

[node name="IronBeamWithGuirlandes2" parent="Deco" instance=ExtResource( 3 )]
transform = Transform( 1, 0, 0, 0, 1, 0, 0, 0, 1, 25.7144, 0, 4.13718 )

[node name="CircusWall" parent="Deco" instance=ExtResource( 21 )]
transform = Transform( 1.78814e-07, 0, 1.46704, 0, 1, 0, -1.58819, 0, 2.08616e-07, -49.6749, -4.1879, 5.58475 )

[node name="CircusWall3" parent="Deco" instance=ExtResource( 21 )]
transform = Transform( -1.58355, 0, -0.11209, 0, 1, 0, 0.121347, 0, -1.46275, 9.52272, -4.1879, 49.7361 )

[node name="CircusWall2" parent="Deco" instance=ExtResource( 21 )]
transform = Transform( 0.35902, 0, 1.42907, 0, 1, 0, -1.54708, 0, 0.331634, -31.2894, -4.1879, -144.263 )

[node name="SpotPurple" parent="." instance=ExtResource( 10 )]
transform = Transform( -0.78418, -0.415321, 0.461053, 0.339297, 0.335111, 0.878964, -0.519556, 0.8457, -0.12187, 18.3026, 33.5874, -12.2136 )
light_energy = 0.5
spot_range = 62.2988

[node name="SpotGreen2" parent="." instance=ExtResource( 5 )]
transform = Transform( 0.314075, 0.803859, -0.505141, 0.2169, 0.457239, 0.862489, 0.92429, -0.380452, -0.03075, -34.5863, 40.169, 17.629 )
light_energy = 0.5
spot_range = 68.508

[node name="SpotWhiteFiller" parent="." instance=ExtResource( 11 )]
transform = Transform( 0.321543, 0.943587, 0.0790833, -0.156735, -0.0293288, 0.987205, 0.933833, -0.329824, 0.138463, -7.44976, 43.3232, 13.0244 )
light_energy = 0.2
shadow_bias = 0.3

[node name="SpotWhiteFiller2" parent="." instance=ExtResource( 11 )]
transform = Transform( -0.205396, 0.922052, 0.328075, -0.225047, -0.370737, 0.901059, 0.952453, 0.111242, 0.283653, 20.5309, 96.9344, -77.7312 )
light_energy = 0.5
shadow_bias = 0.5
spot_range = 181.001

[node name="SpotWhiteFiller3" parent="." instance=ExtResource( 11 )]
transform = Transform( 0.881272, 0.228539, 0.413679, -0.360993, -0.239432, 0.901308, 0.305032, -0.943633, -0.128503, 27.199, 68.8937, -190.024 )
light_energy = 0.5
shadow_bias = 0.5
spot_range = 174.203

[node name="Plane" type="MeshInstance" parent="."]
transform = Transform( 77.4704, 0, 0, 0, 77.4704, 0, 0, 0, 181.87, 0, -2.401, -196.734 )
material_override = SubResource( 4 )
mesh = SubResource( 5 )
material/0 = null

[node name="Checkpoint" parent="." instance=ExtResource( 20 )]
transform = Transform( 3.43124, 0, 0, 0, 6.589, 0, 0, 0, 3.84864, -6.40398, 11.6343, -35.6703 )

[node name="ResetZone" type="Area" parent="."]
transform = Transform( 1, 0, 0, 0, 1, 0, 0, 0, 1, -10.4333, -15.8069, -138.426 )
script = ExtResource( 16 )

[node name="CollisionShape" type="CollisionShape" parent="ResetZone"]
transform = Transform( 1, 0, 0, 0, 1, 0, 0, 0, 1, 15.6535, 0, 0 )
shape = SubResource( 6 )
