[gd_scene load_steps=30 format=2]

[ext_resource path="res://Assets/Fence/FencePole.tscn" type="PackedScene" id=1]
[ext_resource path="res://Assets/Fence/Fence.tscn" type="PackedScene" id=2]
[ext_resource path="res://Assets/Ground.tscn" type="PackedScene" id=3]
[ext_resource path="res://Assets/Canon/Canon.tscn" type="PackedScene" id=4]
[ext_resource path="res://Player/Player.tscn" type="PackedScene" id=5]
[ext_resource path="res://Assets/SpinPlatform/SpinPlatform.tscn" type="PackedScene" id=6]
[ext_resource path="res://Assets/Crate/Crate1.tscn" type="PackedScene" id=7]
[ext_resource path="res://Assets/Crate/Crate2.tscn" type="PackedScene" id=8]
[ext_resource path="res://Trampoling/Trampoling.tscn" type="PackedScene" id=9]
[ext_resource path="res://Assets/Podium/Podium2.tscn" type="PackedScene" id=10]
[ext_resource path="res://Assets/Ball/Ball1.tscn" type="PackedScene" id=11]
[ext_resource path="res://Assets/Podium/Podium1.tscn" type="PackedScene" id=12]
[ext_resource path="res://Assets/IronBeam/IronBeamWithGuirlandes.tscn" type="PackedScene" id=13]
[ext_resource path="res://Assets/IronBeam/IronBeam.tscn" type="PackedScene" id=14]
[ext_resource path="res://Assets/Curtains/CircusTent.tscn" type="PackedScene" id=15]
[ext_resource path="res://Assets/Audience/AudienceBenchUnder.tscn" type="PackedScene" id=16]
[ext_resource path="res://Audience/Audience.tscn" type="PackedScene" id=17]
[ext_resource path="res://Assets/HotDogStand/HotDogStand.tscn" type="PackedScene" id=18]
[ext_resource path="res://Assets/Audience/AudienceFemale.tscn" type="PackedScene" id=19]
[ext_resource path="res://Assets/Balloons/balloons.tscn" type="PackedScene" id=20]
[ext_resource path="res://Assets/Guirlande/guirlande.tscn" type="PackedScene" id=21]
[ext_resource path="res://Assets/HotDogStand/Hot dog.tscn" type="PackedScene" id=22]
[ext_resource path="res://Lights/SpotRed.tscn" type="PackedScene" id=23]
[ext_resource path="res://Lights/PlayerSpotLight.tscn" type="PackedScene" id=24]
[ext_resource path="res://Lights/SpotPurple.tscn" type="PackedScene" id=25]
[ext_resource path="res://Lights/SpotGreen.tscn" type="PackedScene" id=26]
[ext_resource path="res://Lights/SpotWhiteFiller.tscn" type="PackedScene" id=27]
[ext_resource path="res://EndLevel/EndLevel.tscn" type="PackedScene" id=28]
[ext_resource path="res://Assets/Ring/Ring.tscn" type="PackedScene" id=29]

[node name="LevelCanon" type="Spatial"]

[node name="Ground" parent="." instance=ExtResource( 3 )]
transform = Transform( -103.283, 0, 0, 0, 68.0913, 0, 0, 0, 106.548, 0, 0, 0 )

[node name="Player" parent="." instance=ExtResource( 5 )]
transform = Transform( 1, 0, 0, 0, 1, 0, 0, 0, 1, -19.3999, 2.45737, 39.7733 )

[node name="Canon" parent="." instance=ExtResource( 4 )]
transform = Transform( -6.11959e-08, 0, -1.4, 0, 1.4, 0, 1.4, 0, -6.11959e-08, -29.9615, 0, 27.5927 )
fire_rate = 1.0

[node name="Canon5" parent="." instance=ExtResource( 4 )]
transform = Transform( -6.11959e-08, 0, 1.4, 0, 1.4, 0, -1.4, 0, -6.11959e-08, -2.96145, 0, 27.5927 )
fire_rate = 1.0

[node name="Canon2" parent="." instance=ExtResource( 4 )]
transform = Transform( 1.83588e-07, 0, -1.4, 0, 1.4, 0, 1.4, 0, 1.83588e-07, 2.98517, 0, -9.88219 )

[node name="Canon9" parent="." instance=ExtResource( 4 )]
transform = Transform( 1.83588e-07, 0, -1.4, 0, 1.4, 0, 1.4, 0, 1.83588e-07, 2.98517, 0, -3.63614 )

[node name="Canon10" parent="." instance=ExtResource( 4 )]
transform = Transform( 1.83588e-07, 0, -1.4, 0, 1.4, 0, 1.4, 0, 1.83588e-07, 2.98517, 0, 2.73968 )

[node name="Canon11" parent="." instance=ExtResource( 4 )]
transform = Transform( 1.83588e-07, 0, -1.4, 0, 1.4, 0, 1.4, 0, 1.83588e-07, 2.98517, 0, 8.85596 )

[node name="Canon22" parent="." instance=ExtResource( 4 )]
transform = Transform( -3.0598e-07, 0, 1.4, 0, 1.4, 0, -1.4, 0, -3.0598e-07, -2.48125, 0, 15.3977 )
fire_rate = 1.0

[node name="Canon24" parent="." instance=ExtResource( 4 )]
transform = Transform( -3.0598e-07, 0, 1.4, 0, 1.4, 0, -1.4, 0, -3.0598e-07, -2.48125, 0, 0.497786 )
fire_rate = 0.7

[node name="Canon12" parent="." instance=ExtResource( 4 )]
transform = Transform( 1.83588e-07, 0, -1.4, 0, 1.4, 0, 1.4, 0, 1.83588e-07, 2.98517, 0, 15.1011 )

[node name="Canon13" parent="." instance=ExtResource( 4 )]
transform = Transform( 1.83588e-07, 0, -1.4, 0, 1.4, 0, 1.4, 0, 1.83588e-07, 2.98517, 0, 21.1011 )

[node name="Canon14" parent="." instance=ExtResource( 4 )]
transform = Transform( 1.83588e-07, 0, -1.4, 0, 1.4, 0, 1.4, 0, 1.83588e-07, 2.98517, 0, 27.1011 )

[node name="Canon21" parent="." instance=ExtResource( 4 )]
transform = Transform( -3.0598e-07, 0, 1.4, 0, 1.4, 0, -1.4, 0, -3.0598e-07, 31.4389, 0, 24.431 )

[node name="Canon20" parent="." instance=ExtResource( 4 )]
transform = Transform( -3.0598e-07, 0, 1.4, 0, 1.4, 0, -1.4, 0, -3.0598e-07, 31.4389, 0, 18.185 )

[node name="Canon19" parent="." instance=ExtResource( 4 )]
transform = Transform( -3.0598e-07, 0, 1.4, 0, 1.4, 0, -1.4, 0, -3.0598e-07, 31.4389, 0, 11.8092 )

[node name="Canon18" parent="." instance=ExtResource( 4 )]
transform = Transform( -3.0598e-07, 0, 1.4, 0, 1.4, 0, -1.4, 0, -3.0598e-07, 31.4389, 0, 5.69289 )

[node name="Canon17" parent="." instance=ExtResource( 4 )]
transform = Transform( -3.0598e-07, 0, 1.4, 0, 1.4, 0, -1.4, 0, -3.0598e-07, 31.4389, 0, -0.55228 )

[node name="Canon16" parent="." instance=ExtResource( 4 )]
transform = Transform( -3.0598e-07, 0, 1.4, 0, 1.4, 0, -1.4, 0, -3.0598e-07, 31.4389, 0, -6.55228 )

[node name="Canon15" parent="." instance=ExtResource( 4 )]
transform = Transform( -3.0598e-07, 0, 1.4, 0, 1.4, 0, -1.4, 0, -3.0598e-07, 31.4389, 0, -12.5523 )

[node name="Canon4" parent="." instance=ExtResource( 4 )]
transform = Transform( 1.05697e-07, 0, -1.4, 0, 1.4, 0, 1.4, 0, 1.05697e-07, -29.6242, 0, 13.1345 )
fire_rate = 1.0

[node name="Canon23" parent="." instance=ExtResource( 4 )]
transform = Transform( 1.05697e-07, 0, -1.4, 0, 1.4, 0, 1.4, 0, 1.05697e-07, -29.6242, 0, 0.234518 )
fire_rate = 0.7

[node name="Canon3" parent="." instance=ExtResource( 4 )]
transform = Transform( -0.989949, 0, -0.98995, 0, 1.4, 0, 0.98995, 0, -0.989949, -31.2154, 0.0687332, -41.2027 )

[node name="Canon6" parent="." instance=ExtResource( 4 )]
transform = Transform( 0.989949, 0, 0.98995, 0, 1.4, 0, -0.98995, 0, 0.989949, -1.84672, 0, -14.6549 )

[node name="Canon7" parent="." instance=ExtResource( 4 )]
transform = Transform( 0.98995, 0, -0.989949, 0, 1.4, 0, 0.989949, 0, 0.98995, -30.9227, 0, -14.266 )

[node name="Canon8" parent="." instance=ExtResource( 4 )]
transform = Transform( -0.98995, 0, 0.989949, 0, 1.4, 0, -0.989949, 0, -0.98995, -2.25313, 0, -43.8463 )

[node name="Ball1" parent="." instance=ExtResource( 11 )]
transform = Transform( 1, 0, 0, 0, 1, 0, 0, 0, 1, 18.4821, 3, -11.2265 )

[node name="Fences" type="Spatial" parent="."]

[node name="Fence" parent="Fences" instance=ExtResource( 2 )]
transform = Transform( 2.392, 0, 0, 0, 1.81957, 0, 0, 0, 2.392, 0, 0, 48.2722 )

[node name="FencePole" parent="Fences" instance=ExtResource( 1 )]
transform = Transform( 2.392, 0, 0, 0, 2.392, 0, 0, 0, 2.392, 0, 0, 48.2722 )

[node name="Fence15" parent="Fences" instance=ExtResource( 2 )]
transform = Transform( 2.392, 0, 0, 0, 1.81957, 0, 0, 0, 2.392, 0, 0, 25.2722 )

[node name="FencePole14" parent="Fences" instance=ExtResource( 1 )]
transform = Transform( 2.392, 0, 0, 0, 1.81957, 0, 0, 0, 2.392, 0, 0, 25.2722 )

[node name="Fence16" parent="Fences" instance=ExtResource( 2 )]
transform = Transform( 2.392, 0, 0, 0, 1.81957, 0, 0, 0, 2.392, 0, 0, 2.27221 )

[node name="FencePole15" parent="Fences" instance=ExtResource( 1 )]
transform = Transform( 2.392, 0, 0, 0, 1.81957, 0, 0, 0, 2.392, 0, 0, 2.27221 )

[node name="FencePole16" parent="Fences" instance=ExtResource( 1 )]
transform = Transform( 2.392, 0, 0, 0, 1.81957, 0, 0, 0, 2.392, 0, 0, -20.7278 )

[node name="Fence2" parent="Fences" instance=ExtResource( 2 )]
transform = Transform( 2.392, 0, 0, 0, 2.392, 0, 0, 0, 2.392, -34, 0, 48.2722 )

[node name="FencePole2" parent="Fences" instance=ExtResource( 1 )]
transform = Transform( 2.392, 0, 0, 0, 2.392, 0, 0, 0, 2.392, -34, 0, 48.2722 )

[node name="Fence3" parent="Fences" instance=ExtResource( 2 )]
transform = Transform( 2.392, 0, 0, 0, 2.392, 0, 0, 0, 2.392, -34, 0, 25.2722 )

[node name="FencePole3" parent="Fences" instance=ExtResource( 1 )]
transform = Transform( 2.392, 0, 0, 0, 2.392, 0, 0, 0, 2.392, -34, 0, 25.2722 )

[node name="Fence4" parent="Fences" instance=ExtResource( 2 )]
transform = Transform( 2.392, 0, 0, 0, 2.392, 0, 0, 0, 2.392, -34, 0, 2.27221 )

[node name="FencePole4" parent="Fences" instance=ExtResource( 1 )]
transform = Transform( 2.392, 0, 0, 0, 2.392, 0, 0, 0, 2.392, -34, 0, 2.27221 )

[node name="Fence5" parent="Fences" instance=ExtResource( 2 )]
transform = Transform( 2.392, 0, 0, 0, 2.392, 0, 0, 0, 2.392, -34, 0, -20.7278 )

[node name="FencePole5" parent="Fences" instance=ExtResource( 1 )]
transform = Transform( 2.392, 0, 0, 0, 2.392, 0, 0, 0, 2.392, -34, 0, -20.7278 )

[node name="Fence6" parent="Fences" instance=ExtResource( 2 )]
transform = Transform( 0.452439, 0, -2.34882, 0, 2.392, 0, 2.34882, 0, 0.452439, -34, 0, -43.7278 )

[node name="FencePole6" parent="Fences" instance=ExtResource( 1 )]
transform = Transform( -5.96046e-08, 0, -2.392, 0, 2.392, 0, 2.392, 0, -5.96046e-08, -34, 0, -43.7278 )

[node name="Fence7" parent="Fences" instance=ExtResource( 2 )]
transform = Transform( -5.96046e-08, 0, -2.392, 0, 2.392, 0, 2.392, 0, -5.96046e-08, -11, 0, -47.8915 )

[node name="FencePole7" parent="Fences" instance=ExtResource( 1 )]
transform = Transform( -5.96046e-08, 0, -2.392, 0, 2.392, 0, 2.392, 0, -5.96046e-08, -11, 0, -47.8915 )

[node name="Fence8" parent="Fences" instance=ExtResource( 2 )]
transform = Transform( -0.465837, 0, -2.3462, 0, 2.392, 0, 2.3462, 0, -0.465837, 13.0961, -1.90735e-06, -48.7792 )

[node name="FencePole8" parent="Fences" instance=ExtResource( 1 )]
transform = Transform( -5.96046e-08, 0, -2.392, 0, 2.392, 0, 2.392, 0, -5.96046e-08, 12, 0, -47.8915 )

[node name="Fence9" parent="Fences" instance=ExtResource( 2 )]
transform = Transform( -2.392, 0, 1.64162e-07, 0, 1.99878, 0, -1.64162e-07, 0, -2.392, 35, 0, -43.7278 )

[node name="FencePole9" parent="Fences" instance=ExtResource( 1 )]
transform = Transform( -2.392, 0, 1.64162e-07, 0, 2.392, 0, -1.64162e-07, 0, -2.392, 35, 0, -43.7278 )

[node name="Fence10" parent="Fences" instance=ExtResource( 2 )]
transform = Transform( -2.392, 0, 1.64162e-07, 0, 1.99878, 0, -1.64162e-07, 0, -2.392, 35, 0, -20.7278 )

[node name="FencePole10" parent="Fences" instance=ExtResource( 1 )]
transform = Transform( -2.392, 0, 1.64162e-07, 0, 1.99878, 0, -1.64162e-07, 0, -2.392, 35, 0, -20.7278 )

[node name="Fence11" parent="Fences" instance=ExtResource( 2 )]
transform = Transform( -2.392, 0, 1.64162e-07, 0, 1.99878, 0, -1.64162e-07, 0, -2.392, 35, 0, 2.27221 )

[node name="FencePole11" parent="Fences" instance=ExtResource( 1 )]
transform = Transform( -2.392, 0, 1.64162e-07, 0, 1.99878, 0, -1.64162e-07, 0, -2.392, 35, 0, 2.27221 )

[node name="Fence12" parent="Fences" instance=ExtResource( 2 )]
transform = Transform( -2.392, 0, 1.64162e-07, 0, 1.99878, 0, -1.64162e-07, 0, -2.392, 35, 0, 25.2722 )

[node name="FencePole12" parent="Fences" instance=ExtResource( 1 )]
transform = Transform( -2.392, 0, 1.64162e-07, 0, 1.99878, 0, -1.64162e-07, 0, -2.392, 35, 0, 25.2722 )

[node name="Fence13" parent="Fences" instance=ExtResource( 2 )]
transform = Transform( 4.20164e-07, 0, 3.74007, 0, 2.392, 0, -2.392, 0, 2.6872e-07, 35, 0, 48.2722 )

[node name="Fence14" parent="Fences" instance=ExtResource( 2 )]
transform = Transform( 4.20164e-07, 0, 3.74007, 0, 2.392, 0, -2.392, 0, 2.6872e-07, 1.00001, 0, 48.2722 )

[node name="FencePole13" parent="Fences" instance=ExtResource( 1 )]
transform = Transform( 2.6872e-07, 0, 2.392, 0, 2.392, 0, -2.392, 0, 2.6872e-07, 35, 0, 48.2722 )

[node name="SpinPlatform" parent="." instance=ExtResource( 6 )]
transform = Transform( 2.19007, 0, 0, 0, 4.28116, 0, 0, 0, 2.19007, -16.1414, 0.493829, -28.9061 )
direction = -1

[node name="Crate1" parent="." instance=ExtResource( 7 )]
transform = Transform( 0.275316, 0, -1.02749, 0, 1, 0, 0.965926, 0, 0.258819, 17.5567, 0, -17.3052 )

[node name="Crate2" parent="." instance=ExtResource( 8 )]
transform = Transform( 0.185795, 0, -1.04739, 0, 1, 0, 0.984628, 0, 0.174662, 27.2612, 0.0321219, -19.4961 )

[node name="Crate6" parent="." instance=ExtResource( 7 )]
transform = Transform( -1.00116, 0, -0.0523579, 0, 1, 0, 0.0806042, 0, -1.05829, 19.205, 4.76837e-07, 40.6779 )

[node name="Crate5" parent="." instance=ExtResource( 8 )]
transform = Transform( 0.0529788, 0, -1.06132, 0, 1, 0, 1.0006, 0, 0.0335855, 27.2403, 0.0321219, 41.7138 )

[node name="Podium2" parent="." instance=ExtResource( 10 )]
transform = Transform( 1, 0, 0, 0, 1, 0, 0, 0, 1, 13.504, 0, -40.3192 )

[node name="Trampoling" parent="." instance=ExtResource( 9 )]
transform = Transform( 3.7, 0, 0, 0, 3.7, 0, 0, 0, 3.7, 21.6117, 0, -42.2422 )

[node name="Trampoling2" parent="." instance=ExtResource( 9 )]
transform = Transform( 3.7, 0, 0, 0, 3.7, 0, 0, 0, 3.7, 21.6117, 0, -34.1871 )

[node name="Trampoling3" parent="." instance=ExtResource( 9 )]
transform = Transform( 3.7, 0, 0, 0, 3.7, 0, 0, 0, 3.7, 21.6117, 0, -25.7326 )

[node name="Trampoling6" parent="." instance=ExtResource( 9 )]
transform = Transform( 3.7, 0, 0, 0, 3.7, 0, 0, 0, 3.7, 30.0028, 0, -42.2422 )

[node name="Trampoling5" parent="." instance=ExtResource( 9 )]
transform = Transform( 3.7, 0, 0, 0, 3.7, 0, 0, 0, 3.7, 30.0028, 0, -34.1871 )

[node name="Trampoling4" parent="." instance=ExtResource( 9 )]
transform = Transform( 3.7, 0, 0, 0, 3.7, 0, 0, 0, 3.7, 30.0028, 0, -25.7326 )

[node name="Crate3" parent="." instance=ExtResource( 8 )]
transform = Transform( 3.17019e-08, 0, -1.06374, 0, 1, 0, 1, 0, 2.98023e-08, 7.07695, -0.488331, -16.1116 )

[node name="Podium1" parent="." instance=ExtResource( 12 )]
transform = Transform( 1, 0, 0, 0, 1, 0, 0, 0, 1, 11.7432, 0, 42.8705 )

[node name="Crate7" parent="." instance=ExtResource( 8 )]
transform = Transform( 0.0103669, 0, 1.06368, 0, 1, 0, -0.999946, 0, 0.0110277, 27.2489, -0.0144687, 35.4169 )

[node name="EndLevel" parent="." instance=ExtResource( 28 )]
transform = Transform( 3.86674, 0, 0, 0, 0.207874, 0, 0, 0, 3.86674, 29.0508, 6.32575, 41.9356 )

[node name="Ring" parent="." instance=ExtResource( 29 )]
transform = Transform( -1.0942e-07, 0, 2.50323, 0, 2.50323, 0, -2.50323, 0, -1.0942e-07, 23.3024, 4.10819, 32.7305 )

[node name="Ring2" parent="." instance=ExtResource( 29 )]
transform = Transform( -1.09278e-07, 0, 2.5, 0, 2.5, 0, -2.5, 0, -1.09278e-07, -15.921, 1.15343, -28.9749 )

[node name="Decorations" type="Spatial" parent="."]
transform = Transform( 0.0103669, 0, 1.06368, 0, 1, 0, -0.999946, 0, 0.0110277, 27.2489, -0.488331, 35.4169 )

[node name="IronBeamWithGuirlandes" parent="Decorations" instance=ExtResource( 13 )]
transform = Transform( 0.714399, 0, -0.699738, 0, 1, 0, 0.657811, 0, 0.671593, -14.8076, 0.488331, -58.0174 )

[node name="IronBeamWithGuirlandes2" parent="Decorations" instance=ExtResource( 13 )]
transform = Transform( -0.699738, 0, -0.714399, 0, 1, 0, 0.671593, 0, -0.657811, 80.8895, 0.488331, -59.0295 )

[node name="IronBeam" parent="Decorations" instance=ExtResource( 14 )]
transform = Transform( 5.0997, 0, 3.72529e-09, 0, 5.0997, 0, 0, 0, 5.0997, -23.938, 0, -13.9382 )

[node name="IronBeam2" parent="Decorations" instance=ExtResource( 14 )]
transform = Transform( 5.0997, 0, 3.72529e-09, 0, 5.0997, 0, 0, 0, 5.0997, 92.608, 0, -15.0741 )

[node name="CircusTent" parent="Decorations" instance=ExtResource( 15 )]
transform = Transform( -6.14673e-08, 0, -1.475, 0, 1.487, 0, 1.404, 0, -6.42613e-08, 23.7732, 0, -104.303 )

[node name="Audience" parent="Decorations" instance=ExtResource( 17 )]
transform = Transform( 10.6374, 0, 1.46031e-06, 0, 10, 0, -9.31323e-07, 0, 9.40081, 21.0244, 6, -72.2703 )

[node name="Audience2" parent="Decorations" instance=ExtResource( 17 )]
transform = Transform( 10.6374, 0, 1.46031e-06, 0, 10, 0, -9.31323e-07, 0, 9.40081, 20.9, 17.3235, -83.5507 )

[node name="Audience3" parent="Decorations" instance=ExtResource( 17 )]
transform = Transform( 10.6374, 0, 1.46031e-06, 0, 10, 0, -9.31323e-07, 0, 9.40081, 42.2333, 17.3235, -83.7586 )

[node name="HotDogStand" parent="Decorations" instance=ExtResource( 18 )]
transform = Transform( 5.53618, 0, -3.87803e-06, 0, 5.53618, 0, -7.33882e-07, 0, 5.53618, 43.3847, 5.95253, -66.5247 )

[node name="AudienceFemale" parent="Decorations" instance=ExtResource( 19 )]
transform = Transform( 22.6274, 0, 1.78814e-07, 0, 22.6274, 0, 7.45058e-08, 0, 22.6274, 42.3631, -3.8571, -70.6766 )

[node name="AudienceBenchUnder" parent="Decorations" instance=ExtResource( 16 )]
transform = Transform( -4.09782e-07, 0, 11.2969, 0, 6.16755, 0, -6.20454, 0, -2.6077e-07, 21.5315, -7.62939e-06, -72.2956 )

[node name="AudienceBenchUnder3" parent="Decorations" instance=ExtResource( 16 )]
transform = Transform( -4.09782e-07, 0, 11.2969, 0, 6.16755, 0, -6.20454, 0, -2.6077e-07, 21.4071, 11.3235, -83.576 )

[node name="AudienceBenchUnder4" parent="Decorations" instance=ExtResource( 16 )]
transform = Transform( -4.09782e-07, 0, 11.2969, 0, 6.16755, 0, -6.20454, 0, -2.6077e-07, 42.7403, 11.3235, -83.7839 )

[node name="Balloons2" parent="Decorations" instance=ExtResource( 20 )]
transform = Transform( 1, 0, 0, 0, 1, 0, 0, 0, 1, 31.971, 12.3751, -57.686 )

[node name="Balloons3" parent="Decorations" instance=ExtResource( 20 )]
transform = Transform( 1, 0, 0, 0, 1, 0, 0, 0, 1, 9.32758, 12.3751, -57.4653 )

[node name="Balloons4" parent="Decorations" instance=ExtResource( 20 )]
transform = Transform( 1, 0, 0, 0, 1, 0, 0, 0, 1, 55.1899, 12.3751, -57.9123 )

[node name="Balloons5" parent="Decorations" instance=ExtResource( 20 )]
transform = Transform( 1, 0, 0, 0, 1, 0, 0, 0, 1, -13.9566, 12.4208, -57.2523 )

[node name="guirlande" parent="Decorations" instance=ExtResource( 21 )]
transform = Transform( 14.75, 0, -4.39584e-08, 0, 14.75, 0, 4.39584e-08, 0, 14.75, 33.0804, 29.9307, -67.9749 )

[node name="guirlande2" parent="Decorations" instance=ExtResource( 21 )]
transform = Transform( -3.05474e-07, 0, -7.79552, 0, 7.32842, 0, 6.88931, 0, -4.69387e-07, 96.249, 14.0246, -32.0092 )

[node name="guirlande3" parent="Decorations" instance=ExtResource( 21 )]
transform = Transform( -3.20375e-07, 0, -7.79552, 0, 7.32842, 0, 6.88931, 0, -4.69387e-07, 96.249, 23.7428, -32.0092 )

[node name="guirlande4" parent="Decorations" instance=ExtResource( 21 )]
transform = Transform( -3.35276e-07, 0, -7.79552, 0, 7.32842, 0, 6.88931, 0, -4.69387e-07, 96.249, 33.0044, -32.0092 )

[node name="guirlande5" parent="Decorations" instance=ExtResource( 21 )]
transform = Transform( -3.50177e-07, 0, -7.79552, 0, 7.32842, 0, 6.88931, 0, -4.69387e-07, 96.249, 42.3791, -32.0092 )

[node name="guirlande6" parent="Decorations" instance=ExtResource( 21 )]
transform = Transform( -3.65078e-07, 0, -7.79552, 0, 7.32842, 0, 6.88931, 0, -4.69387e-07, 96.249, 37.6795, -32.0092 )

[node name="guirlande7" parent="Decorations" instance=ExtResource( 21 )]
transform = Transform( -3.7998e-07, 0, -7.79552, 0, 7.32842, 0, 6.88931, 0, -4.69387e-07, 96.249, 28.5942, -32.0092 )

[node name="guirlande8" parent="Decorations" instance=ExtResource( 21 )]
transform = Transform( -3.94881e-07, 0, -7.79552, 0, 7.32842, 0, 6.88931, 0, -4.69387e-07, 96.249, 19.3738, -32.0092 )

[node name="guirlande15" parent="Decorations" instance=ExtResource( 21 )]
transform = Transform( -3.65078e-07, 0, -7.79552, 0, 7.32842, 0, 6.88931, 0, -4.69387e-07, -20.2869, 14.0246, -30.8735 )

[node name="guirlande14" parent="Decorations" instance=ExtResource( 21 )]
transform = Transform( -3.7998e-07, 0, -7.79552, 0, 7.32842, 0, 6.88931, 0, -4.69387e-07, -20.2869, 23.7428, -30.8735 )

[node name="guirlande13" parent="Decorations" instance=ExtResource( 21 )]
transform = Transform( -3.94881e-07, 0, -7.79552, 0, 7.32842, 0, 6.88931, 0, -4.69387e-07, -20.2869, 33.0044, -30.8735 )

[node name="guirlande12" parent="Decorations" instance=ExtResource( 21 )]
transform = Transform( -4.09782e-07, 0, -7.79552, 0, 7.32842, 0, 6.88931, 0, -4.69387e-07, -20.2869, 42.3791, -30.8735 )

[node name="guirlande11" parent="Decorations" instance=ExtResource( 21 )]
transform = Transform( -4.24683e-07, 0, -7.79552, 0, 7.32842, 0, 6.88931, 0, -4.69387e-07, -20.2869, 37.6795, -30.8735 )

[node name="Hot dog" parent="Decorations" instance=ExtResource( 22 )]
transform = Transform( 5.30826, -2.62228, 2.61228, 13.4028, 1.91213, 0.122672, -4.98328, 2.07637, 2.81574, 88.5186, 11.6088, -67.9597 )

[node name="Hot dog2" parent="Decorations" instance=ExtResource( 22 )]
transform = Transform( -5.3009, 2.20871, 2.99521, 13.4028, 1.91213, 0.122672, -4.9902, 2.46515, -2.45575, -26.4232, 11.6088, -68.0638 )

[node name="guirlande10" parent="Decorations" instance=ExtResource( 21 )]
transform = Transform( -4.39584e-07, 0, -7.79552, 0, 7.32842, 0, 6.88931, 0, -4.69387e-07, -20.2869, 28.5942, -30.8735 )

[node name="guirlande9" parent="Decorations" instance=ExtResource( 21 )]
transform = Transform( -4.54485e-07, 0, -7.79552, 0, 7.32842, 0, 6.88931, 0, -4.69387e-07, -20.2869, 19.3738, -30.8735 )

[node name="AudienceBenchUnder2" parent="Decorations" instance=ExtResource( 16 )]
transform = Transform( -4.09782e-07, 0, 11.2969, 0, 6.16755, 0, -6.20454, 0, -2.6077e-07, 43.5323, -7.62939e-06, -72.3236 )

[node name="Light" type="Spatial" parent="."]

[node name="SpotRed" parent="Light" instance=ExtResource( 23 )]
transform = Transform( 0.934635, -0.0449457, -0.352758, 0.335848, 0.437645, 0.83407, 0.116895, -0.898024, 0.424133, -36.2963, 32.4686, 39.2722 )
light_energy = 0.5
spot_range = 60.0243
spot_angle = 43.6233

[node name="PlayerSpotLight" parent="Light" instance=ExtResource( 24 )]

[node name="SpotPurple" parent="Light" instance=ExtResource( 25 )]
transform = Transform( -0.982483, 0.185749, 0.0150166, 0.130647, 0.629084, 0.76628, 0.132889, 0.754819, -0.642331, 9.39688, 28.2547, -48.3482 )
light_energy = 0.5
spot_range = 64.389

[node name="SpotGreen" parent="Light" instance=ExtResource( 26 )]
transform = Transform( -0.365799, 0.685282, -0.629746, 0.338848, 0.728264, 0.595662, 0.866818, 0.00450459, -0.498605, -38.3123, 30.5187, -34.357 )
light_energy = 0.5
spot_range = 84.0926

[node name="SpotGreen2" parent="Light" instance=ExtResource( 26 )]
transform = Transform( 0.598447, -0.655364, 0.460825, 0.338848, 0.728264, 0.595662, -0.725978, -0.200323, 0.657896, 32.0617, 30.5187, 50.9811 )
light_energy = 0.5
spot_range = 84.0926

[node name="SpotWhiteFiller" parent="Light" instance=ExtResource( 27 )]
transform = Transform( 1, 0, 0, 0, -4.37114e-08, 1, 0, -1, -4.37114e-08, -10.1726, 42.3268, 5.26178 )
spot_range = 83.0837
spot_angle = 51.7551
